@book{brown89,
	author = {David C. Brown and B. Chandrasekaran},
	title = {Design Problem Solving: Knowledge Structures and Control Strategies. Research Notes in Artificial Intelligence.},
	publisher = {Pitman},
	address = {London},
	year = {1989}
}

@article{falkner11,
author = {Andreas Falkner and Alexander Felfernig and Albert Haag},
journal = {AI Magazine},
number = {3},
pages = {99-108},
title = {Recommendation Technologies for Configurable Products},
volume = {32},
year = {2011}    
}

@book{felferning14,
	author = {Alexander Felfernig and Lothar Hotz and Claire Bagley and Juha Tiihonen},
	title = {Knowledge-Based Configuration: From Research to Business Cases},
	publisher = {Elsevier},
	year = {2014}
}

@phdthesis{fielding00,
	author = {Roy Thomas Fielding},
	title = {Architectural Styles and the Design of Network-based Software Architectures},
	school = {University of California, Irvine},
	year = {2000}
}

@phdthesis{lutz11,
	author = {Christoph Lutz},
	title = {Rechnergestuetztes Konfigurieren und Auslegen individualisierter Produkte},
	school = {Technischen Universitaet Wien},
	year = {2011}
}

@conference{mittal89,
author = {Felix Frayman and Sanjay Mittal},
title = {Towards a generic model of configuration tasks},
booktitle = {International Joint Conference on Artificial Intelligence (IJCAI-89)},
year = {1989}
}

@book{piller98,
	author = {Frank Thomas Piller},
	title = {Kundenindividuelle Massenproduktion: die Wettbewerbsstrategie der Zukunft},
	publisher = {Carl Hanser Verlag München Wien},
	year = {1998}
}

@book{piller06,
author = {Frank Thomas Piller},
year = {2006},
title = {Mass Customization. Ein wettbewerbsstrategisches Konzept im Informationszeitalter},
volume = {4., überarbeitete und erweiterte Auflage},
address = {Wiesbaden},
publisher = {Deutscher Universitäts-Verlag | GWV Fachverlage GmbH}
}


@book{porter02,
	author = {Michael Porter},
	title = {Wettbewerbsstrategie: Methoden zur Analyse von Branchen und Konkurrenten},
	edition = {11},
	school = {Technischen Universitaet Wien},
	address = {Frankfurt, New York},
	year = {2002}
}

@book{porter80,
	author = {Michael Porter},
	title = {Competetive Strategy: Techniques for Analyzing Industries and Competitors},
	address = {New York},
	year = {1980}
}

@phdthesis{rapp99,
	author = {Thomas Rapp},
	title = {Produktstrukturierung},
	school = {Universität St. Gallen},
	year = {1999}
}

@book{richardson07,
	author = {Leonard Richardson and Sam Ruby},
	title = {Web Services mit REST},
	publisher = {O'Reilly Verlag},
	address = {Köln},
	year = {2007}
}

@phdthesis{schuh88,
	author = {Günther Schuh},
	title = {Gestaltung und Bewertung von Produktvarianten: ein Beitrag zur systematischen Planung von Serienprodukten},
	school = {RWTH Aachen},
	year = {1988}
}


@book{schuh05,
	author = {Günther Schuh},
	title = {Produktkomplexität managen: Strategien - Methoden - Tools},
	publisher = {Carl Hanser Verlag München Wien},
	year = {2005}
}

@book{schuh06,
	author = {Günther Schuh},
	title = {Produktionsplanung und -steuerung. Grundlagen, Gestaltung und Konzepte},
	publisher = {Springer},
	address = {Berlin},
	edition = {3},
	year = {2006}
}

@article{sabin98,
author = {Daniel Sabin and Rainer Weigel},
journal = {IEEE Intelligent Systems},
number = {4},
pages = {42-49},
title = {Product Configuration Frameworks-A Survey},
volume = {13},
year = {1998}    
}

@article{stumptner97,
author = {Markus Stumptner},
journal = {AI Communications},
number = {2},
pages = {111-125},
title = {An overview of knowledge‐based configuration},
volume = {10},
year = {1997}    
}

@book{tilkov11,
	author = {Stefan Tilkov},
	title = {REST und HTTP - Einsatz der Architektur des Web für Integrationsszenarien},
	publisher = {dpunkt.verlag},
	address = {Heidelberg},
	edition = {2},
	year = {2011}
}

@book{wilde11,
	author = {Eric Wilde and Cesare Pautasso},
	title = {REST: From Research to Practice},
	publisher = {Springer Verlag},
	year = {2011}
}

@online{w3c04,
	author = {W3C},
	title = {Web Services Glossary},
	url = {http://www.w3.org/TR/2004/NOTE-ws-gloss-20040211/#webservice},
	note = {Zugriff: 21.08.2015},
	year = {2004}
}

@online{webServiceWiki09,
	author = {WsWiki},
	title = {Web Service Specifications},
	url = {https://wiki.apache.org/ws/WebServiceSpecifications},
	note = {Zugriff: 21.08.2015},
	year = {2009}
}